<record><leader>00000cas a2200000 a 4500</leader><controlfield tag="001">22378951</controlfield><controlfield tag="008">900914u1968uuuuiluwr ne      0   a0eng c</controlfield><datafield ind1=" " ind2=" " tag="010"><subfield code="a">sn 90054774 </subfield></datafield><datafield ind1=" " ind2=" " tag="040"><subfield code="a">NVF</subfield><subfield code="b">eng</subfield><subfield code="c">NVF</subfield><subfield code="d">OCLCQ</subfield><subfield code="d">NVF</subfield><subfield code="d">OCLCF</subfield><subfield code="d">OCLCO</subfield><subfield code="d">NVF</subfield><subfield code="d">OCLCO</subfield><subfield code="d">OCL</subfield><subfield code="d">NVF</subfield><subfield code="d">OCLCO</subfield><subfield code="d">OCL</subfield></datafield><datafield ind1=" " ind2=" " tag="042"><subfield code="a">pcc</subfield></datafield><datafield ind1=" " ind2=" " tag="043"><subfield code="a">n-us-il</subfield></datafield><datafield ind1="0" ind2="4" tag="245"><subfield code="a">The banner-times shopper.</subfield></datafield><datafield ind1="1" ind2="7" tag="246"><subfield code="a">Casey banner-times</subfield></datafield><datafield ind1="3" ind2=" " tag="246"><subfield code="a">Banner times shopper</subfield></datafield><datafield ind1="3" ind2=" " tag="246"><subfield code="a">Casey banner times</subfield></datafield><datafield ind1=" " ind2=" " tag="260"><subfield code="a">Casey, Ill. :</subfield><subfield code="b">Dan Thornburgh</subfield></datafield><datafield ind1=" " ind2=" " tag="300"><subfield code="a">volumes</subfield></datafield><datafield ind1=" " ind2=" " tag="310"><subfield code="a">Weekly</subfield></datafield><datafield ind1="1" ind2=" " tag="362"><subfield code="a">Began in 1968.</subfield></datafield><datafield ind1=" " ind2=" " tag="588"><subfield code="a">Description based on: June 5, 1968.</subfield></datafield><datafield ind1=" " ind2=" " tag="588"><subfield code="a">Latest issue consulted: Feb. 19, 1969.</subfield></datafield><datafield ind1=" " ind2="0" tag="650"><subfield code="a">Shopping</subfield><subfield code="z">Illinois</subfield><subfield code="z">Casey</subfield><subfield code="v">Newspapers.</subfield></datafield><datafield ind1=" " ind2="0" tag="650"><subfield code="a">Retail trade</subfield><subfield code="z">Illinois</subfield><subfield code="z">Casey</subfield><subfield code="v">Newspapers.</subfield></datafield><datafield ind1=" " ind2="0" tag="651"><subfield code="a">Casey (Ill.)</subfield><subfield code="v">Newspapers.</subfield></datafield><datafield ind1=" " ind2="7" tag="650"><subfield code="a">Retail trade.</subfield><subfield code="2">fast</subfield><subfield code="0">(OCoLC)fst01096067</subfield></datafield><datafield ind1=" " ind2="7" tag="650"><subfield code="a">Shopping</subfield><subfield code="2">fast</subfield><subfield code="0">(OCoLC)fst01116884</subfield></datafield><datafield ind1=" " ind2="7" tag="651"><subfield code="a">Illinois</subfield><subfield code="z">Casey.</subfield><subfield code="2">fast</subfield><subfield code="0">(OCoLC)fst01234603</subfield></datafield><datafield ind1=" " ind2="7" tag="655"><subfield code="a">Newspapers.</subfield><subfield code="2">fast</subfield><subfield code="0">(OCoLC)fst01423814</subfield></datafield><datafield ind1=" " ind2=" " tag="752"><subfield code="a">United States</subfield><subfield code="b">Illinois</subfield><subfield code="c">Clark County</subfield><subfield code="d">Casey.</subfield></datafield><datafield ind1="0" ind2=" " tag="775"><subfield code="t">Casey banner-times</subfield><subfield code="w">(DLC)sn 90054107</subfield><subfield code="w">(OCoLC)22122485</subfield></datafield><datafield ind1="1" ind2=" " tag="029"><subfield code="a">AU@</subfield><subfield code="b">000025864601</subfield></datafield></record>